@article{lucero2012,
  title = {Computing prime factors with a Josephson phase qubit quantum processor},
  volume = {8},
  ISSN = {1745-2481},
  url = {http://dx.doi.org/10.1038/nphys2385},
  DOI = {10.1038/nphys2385},
  number = {10},
  journal = {Nature Physics},
  publisher = {Springer Science and Business Media LLC},
  author = {Lucero,  Erik and Barends,  R. and Chen,  Y. and Kelly,  J. and Mariantoni,  M. and Megrant,  A. and O’Malley,  P. and Sank,  D. and Vainsencher,  A. and Wenner,  J. and White,  T. and Yin,  Y. and Cleland,  A. N. and Martinis,  John M.},
  year = {2012},
  month = aug,
  pages = {719–723}
}

@misc{cuccaro2004,
  doi = {10.48550/ARXIV.QUANT-PH/0410184},
  url = {https://arxiv.org/abs/quant-ph/0410184},
  author = {Cuccaro,  Steven A. and Draper,  Thomas G. and Kutin,  Samuel A. and Moulton,  David Petrie},
  keywords = {Quantum Physics (quant-ph),  FOS: Physical sciences,  FOS: Physical sciences},
  title = {A new quantum ripple-carry addition circuit},
  publisher = {arXiv},
  year = {2004},
  copyright = {Assumed arXiv.org perpetual,  non-exclusive license to distribute this article for submissions made before January 2004}
}

@inbook{Mosca1999,
  title = {The Hidden Subgroup Problem and Eigenvalue Estimation on a Quantum Computer},
  ISBN = {9783540492085},
  ISSN = {0302-9743},
  url = {http://dx.doi.org/10.1007/3-540-49208-9_15},
  DOI = {10.1007/3-540-49208-9_15},
  booktitle = {Quantum Computing and Quantum Communications},
  publisher = {Springer Berlin Heidelberg},
  author = {Mosca,  Michele and Ekert,  Artur},
  year = {1999},
  pages = {174–188}
}

@misc{joblimits,
  author={IBM},
  title = {Job limits - IBM Quantum Documentation},
  howpublished = {\url{https://docs.quantum.ibm.com/guides/job-limits}},
  note = {Accessed: 2024-03-14}
}

@misc{buzzsketch,
  author={jameson9101322},
  title = {12 Buzz Lightyear},
  howpublished = {\url{https://www.deviantart.com/jameson9101322/art/12-Buzz-Lightyear-186311087}},
  note = {Accessed: 2024-03-14}
}


@article{Vandersypen2001,
  title = {Experimental realization of Shor’s quantum factoring algorithm using nuclear magnetic resonance},
  volume = {414},
  ISSN = {1476-4687},
  url = {http://dx.doi.org/10.1038/414883a},
  DOI = {10.1038/414883a},
  number = {6866},
  journal = {Nature},
  publisher = {Springer Science and Business Media LLC},
  author = {Vandersypen,  Lieven M. K. and Steffen,  Matthias and Breyta,  Gregory and Yannoni,  Costantino S. and Sherwood,  Mark H. and Chuang,  Isaac L.},
  year = {2001},
  month = dec,
  pages = {883–887}
}

@article{Lanyon2007,
  title = {Experimental Demonstration of a Compiled Version of Shor’s Algorithm with Quantum Entanglement},
  volume = {99},
  ISSN = {1079-7114},
  url = {http://dx.doi.org/10.1103/PhysRevLett.99.250505},
  DOI = {10.1103/physrevlett.99.250505},
  number = {25},
  journal = {Physical Review Letters},
  publisher = {American Physical Society (APS)},
  author = {Lanyon,  B. P. and Weinhold,  T. J. and Langford,  N. K. and Barbieri,  M. and James,  D. F. V. and Gilchrist,  A. and White,  A. G.},
  year = {2007},
  month = dec 
}

@article{Lu2007,
  title = {Demonstration of a Compiled Version of Shor’s Quantum Factoring Algorithm Using Photonic Qubits},
  volume = {99},
  ISSN = {1079-7114},
  url = {http://dx.doi.org/10.1103/PhysRevLett.99.250504},
  DOI = {10.1103/physrevlett.99.250504},
  number = {25},
  journal = {Physical Review Letters},
  publisher = {American Physical Society (APS)},
  author = {Lu,  Chao-Yang and Browne,  Daniel E. and Yang,  Tao and Pan,  Jian-Wei},
  year = {2007},
  month = dec 
}

@article{MartnLpez2012,
  title = {Experimental realization of Shor’s quantum factoring algorithm using qubit recycling},
  volume = {6},
  ISSN = {1749-4893},
  url = {http://dx.doi.org/10.1038/nphoton.2012.259},
  DOI = {10.1038/nphoton.2012.259},
  number = {11},
  journal = {Nature Photonics},
  publisher = {Springer Science and Business Media LLC},
  author = {Martín-López,  Enrique and Laing,  Anthony and Lawson,  Thomas and Alvarez,  Roberto and Zhou,  Xiao-Qi and O’Brien,  Jeremy L.},
  year = {2012},
  month = oct,
  pages = {773–776}
}

@article{Monz2016,
  title = {Realization of a scalable Shor algorithm},
  volume = {351},
  ISSN = {1095-9203},
  url = {http://dx.doi.org/10.1126/science.aad9480},
  DOI = {10.1126/science.aad9480},
  number = {6277},
  journal = {Science},
  publisher = {American Association for the Advancement of Science (AAAS)},
  author = {Monz,  Thomas and Nigg,  Daniel and Martinez,  Esteban A. and Brandl,  Matthias F. and Schindler,  Philipp and Rines,  Richard and Wang,  Shannon X. and Chuang,  Isaac L. and Blatt,  Rainer},
  year = {2016},
  month = mar,
  pages = {1068–1070}
}

@article{Amico2019,
  title = {Experimental study of Shor’s factoring algorithm using the IBM Q Experience},
  volume = {100},
  ISSN = {2469-9934},
  url = {http://dx.doi.org/10.1103/PhysRevA.100.012305},
  DOI = {10.1103/physreva.100.012305},
  number = {1},
  journal = {Physical Review A},
  publisher = {American Physical Society (APS)},
  author = {Amico,  Mirko and Saleem,  Zain H. and Kumph,  Muir},
  year = {2019},
  month = jul 
}

@article{Smolin2013,
  title = {Oversimplifying quantum factoring},
  volume = {499},
  ISSN = {1476-4687},
  url = {http://dx.doi.org/10.1038/nature12290},
  DOI = {10.1038/nature12290},
  number = {7457},
  journal = {Nature},
  publisher = {Springer Science and Business Media LLC},
  author = {Smolin,  John A. and Smith,  Graeme and Vargo,  Alexander},
  year = {2013},
  month = jul,
  pages = {163–165}
}

@misc{xkcdsports,
  author={Randall Munroe},
  title = {XKCD - Sports},
  howpublished = {\url{https://xkcd.com/904/}},
  note = {Accessed: 2024-03-14}
}

https://www.deviantart.com/jameson9101322/art/12-Buzz-Lightyear-186311087